@article{lizadaughter2000,
  author = {Liza Lizadaughter and Rick Rickson},
  title = {Title of the Article},
  journal = {Journal Name},
  year = {2000},
  volume = {1},
  pages = {25--66},
}

@article{doe2020,
  author = {John Doe and Mary Johnson},
  title = {Another Article},
  journal = {Journal X},
  year = {2020},
  volume = {4},
  pages = {44--59},
}

@article{nick2023,
  author = {Santa Santaclauseson},
  title = {Height and Weight are Correlated},
  journal = {Journal of Height and Weight},
  year = {2023},
  volume = {49},
  pages = {1--8},
}

@book{chomsky2003chomsky,
  title={Chomsky on democracy \& education},
  author={Chomsky, Noam},
  year={2003},
  publisher={Psychology Press}
}

@article{shannon1948mathematical,
  title={A mathematical theory of communication},
  author={Shannon, Claude Elwood},
  journal={The Bell system technical journal},
  volume={27},
  number={3},
  pages={379--423},
  year={1948},
  publisher={Nokia Bell Labs}
}

